<?xml version="1.0" encoding="UTF-8"?><record xmlns="http://www.loc.gov/MARC21/slim" xmlns:cinclude="http://apache.org/cocoon/include/1.0" xmlns:zs="http://www.loc.gov/zing/srw/">
  <leader>00303nz  a2200121n  4500</leader>
  <controlfield tag="001">nr2001026112</controlfield>
  <controlfield tag="003">DLC</controlfield>
  <controlfield tag="005">20010802033116.0</controlfield>
  <controlfield tag="008">010703n| acannaabn          |n ana     c</controlfield>
  <datafield tag="010" ind1=" " ind2=" ">
    <subfield code="a">nr2001026112</subfield>
  </datafield>
  <datafield tag="040" ind1=" " ind2=" ">
    <subfield code="a">CSt</subfield>
    <subfield code="b">eng</subfield>
    <subfield code="c">CSt</subfield>
  </datafield>
  <datafield tag="110" ind1="2" ind2=" ">
    <subfield code="a">Screen Arts (Firm)</subfield>
  </datafield>
  <datafield tag="670" ind1=" " ind2=" ">
    <subfield code="a">Shoot to kill, 1947:</subfield>
    <subfield code="b">credits (Screen Arts)</subfield>
  </datafield>
</record>